@Book{mccu:sear:2001,
  author = {McCulloch, C. and Searle, S.},
  title =  {Generalized, Linear, and Mixed Models},
  publisher = {John Wiley and Sons, New York},
  year =  {2001},
}

@Book{casella:berger,
  author = {George Casella and Roger L. Berger},
  title =  {Statistical Inference},
  publisher = {Duxbury, Pacific Grove, CA},
  year =  {2002},
}


@article{stiratelli:laird:ware:1984,
 author = {R Stiratelli and N Laird and J H Ware},
 title = {Random-Effects Models for Serial Observations with Binary Response},
 journal = {Biometrics},
 year = {1984},
 volume = {40},
 pages = {961--971}
}

@article{fisher:1918,
 author = {Ronald A Fisher},
 title = {The Correlation between Relatives on the Supposition of {M}endelian Inheritance},
 journal = {The Philosophical Transactions of the Royal Society of Edinburgh},
 year = {1918},
 volume = {52},
 pages = {399--433}
}

@article{liang:zeger:1986,
 author = { K.Y. Liang and S.L. Zeger},
 title = {Longitudinal Data-Analysis using Generalized Linear Models},
 journal = {Biometrika},
 year = {1986},
 volume = {73},
 pages = {13--22}
}


@article{ridley:ellstrand:2010,
 author = {Caroline Ridley and Normal Ellstrand},
 title = {Rapid Evolution of Morphology and Adaptive Life History in the Invasive {C}alifornia Wild Radish ({R}aphanus sativus) and the Implications for Management},
 journal = {Evolutionary Applications},
 year = {2010},
 volume = {3(1)},
 pages = {64--76}
}




@article{karim:zeger:1992,
 author = { M.R. Karim and S.L. Zeger},
 title = {Generalized Linear Models with Random Effects; Salamander Mating Revisited},
 journal = {Biometrics},
 year = {1992},
 volume = {48},
 pages = {631--644}
}

@article{thom:guo:1991,
 author = { E.A. Thompson and S.W. Guo},
 title = {Evaluation of Likelihood Ratios for Complex Genetic Models},
 journal = {IMA Journal of Mathematics Applied in Medical Biology},
 year = {1991},
 volume = {8},
 pages = {149--169}
}



@Book{ferguson,
  author = {Ferguson, Thomas S.},
  title =  {A Course in Large Sample Theory},
  publisher = {Chapman and Hall/CRC, New York},
  year =  {1996},
}


@Book{mcc:nelder:1989,
  author = {P. McCullagh  and J.A. Nelder},
  title =  {Generalized Linear Models},
  publisher = {Chapman and Hall/CRC.},
  year =  {1989},
}

@Book{mcmc:2011,
  author = {Steve Brooks, Andrew Gelman, Galin Jones, Xiao-Li Meng},
  title =  {Handbook of {M}arkov Chain {M}onte {C}arlo},
  publisher = {Chapman and Hall/CRC, New York},
  year =  {2011},
}

@Book{sung:thesis,
  author = {Sung, Yun Ju},
  title =  {Monte {C}arlo Likelihood Inference for Missing Data Models},
  publisher = {PhD thesis, University of Minnesota},
  year =  {2003},
}


@Book{mythesis,
  author = {Knudson, Christina},
  title =  {Monte {C}arlo Likelihood Approximation for Generalized Linear Mixed Models},
  publisher = {Ph.D. Thesis, {U}niversity of {M}innesota},
  year =  {2016},
}


@Book{agresti:catdat,
  author = {Agresti, Alan},
  title =  {Categorical Data Analysis},
  publisher = {John Wiley and Sons, New York},
  year =  {2002},
}

@article{mccu:1997,
 author = {C.E. McCulloch},
 title = {Maximum Likelihood Algorithms for Generalized Linear Mixed Models },
 journal = {Journal of the American Statistical Association},
 year = {1997},
 volume = {92},
 pages = {162--170}
}


@article{sundberg:1974,
 author = {Rolf Sundberg},
 title = {Maximum Likelihood Theory for Incomplete Data from an Exponential Family},
 journal = {Scandinavian Journal of Statistics},
 year = {1974},
 volume = {1},
 pages = {49--58}
}

@article{rosenthal:1995,
 author = { J. S. Rosenthal },
 title = {Minorization Conditions and Convergence Rates for {M}arkov chain {M}onte {C}arlo},
 journal = { Journal of the American Statistical Association},
 year = {1995},
 volume = {90},
 pages = {558--566}
}

@article{latuszynski:niemiro:2011,
 author = { K. {\L}atuszy{\'n}ski  and W. Niemiro  },
 title = {Rigorous confidence bounds for {M}{C}{M}{C} under a geometric drift condition},
 journal = { Journal of Complexity},
 year = {2011},
 volume = {90},
 pages = {23--38}
}
  
@article{lmn:2013,
 author = { K. {\L}atuszy{\'n}ski and B. Miasojedow and W. Niemiro  },
 title = {Nonasymptotic bounds on the estimation error of {M}{C}{M}{C} algorithms.},
 journal = { Bernoulli},
 year = {2013},
 volume = {19},
 pages = {2033--2066}
}  


@article{coull:agresti:2000,
author={Coull, B.A. and Agresti, A.},
title={Random Effects Modeling of Multiple Binomial Responses  using the Multivariate Binomial Logit-Normal Distribution},
journal={Biometrics},
year={2000},
volume={56},
pages={73--80}
}

@article{bres:whither:1993,
 author = {Norman Breslow},
 title = {Whither {PQL}? (preprint) },
 journal = {UW Biostatistics Working Paper Series},
 year = {1993},
 volume = {192},
 pages = {ii--xix}
}

@article{kuk:cheng:1997,
 author = {Kuk, A.Y.C. and Cheng, Y.W.},
 title = {The {M}onte {C}arlo {N}ewton-{R}aphson Algorithm},
 journal = {Journal of Statistical Computation and Simulation},
 year = {1997},
 volume = {59},
 pages = {233--250}
}

@article{kuk:cheng:1999,
 author = {Kuk, A.Y.C. and Cheng, Y.W.},
 title = {Pointwise and Function Approximations in {M}onte {C}arlo Maximum Likelihood Estimation},
 journal = {Statistics and Computing},
 year = {1999},
 volume = {9},
 pages = {91--99}
}

@article{geyer:1994,
 author = {Charles J. Geyer},
 title = {On the Convergence of {M}onte {C}arlo Maximum Likelihood Calculations},
 journal = {Journal of the Royal Statistical Society, Series B},
 year = {1994},
 volume = {61},
 pages = {261--274}
}

@article{aster-package,
author={Charles J. Geyer},
title={{R} package \texttt{aster} (Aster models), version .8-30},
year={2014},
journal={\url{http://cran.r-project.org/package=aster}}
}


@article{sung:geyer:2007,
 author = {Yun Ju Sung and Charles J. Geyer},
 title = {{M}onte {C}arlo Likelihood Inference for Missing Data Models},
 journal = {Annals of Statistics},
 year = {2007},
 volume = {35},
 pages = {990--1011}
}

@article{geyer:thom:1992,
 author = {Charles J. Geyer and E.A. Thompson},
 title = {Constrained {M}onte {C}arlo Maximum Likelihood for Dependent Data},
 journal = {Journal of the Royal Statistical Society, Series B},
 year = {1992},
 volume = {54},
 pages = {657--699}
}


@article{sung:geyer2007,
 author = {Yun Ju Sung and Charles J. Geyer},
 title = { {M}onte {C}arlo  Likelihood Inference for Missing Data Models},
 journal = {Annals of Statistics},
 year = {2007},
 volume = {35},
 pages = {990-1011}
}


@Book{geyer:1990,
  author = {C.J. Geyer},
  title =  {Likelihood and Exponential Families},
  publisher = {PhD thesis, University of Washington},
  year =  {1990},
  note = {http://purl.umn.edu/56330}
}

@article{gelf:carl:1993,
 author = {A. Gelfand and B. Carlin},
 title = {Maximum-Likelihood Estimation for Constrained- or Missing-Data Models},
 journal = {Canadian Journal of Statistics},
 year = {1993},
 volume = {21},
 pages = {303--311}
}

@article{neath:2013,
 author = {Ronald Neath},
 title = {On Convergence Properties of the {M}onte {C}arlo {E}{M} Algorithm},
 journal = {Institute of Mathematical Statistics Collections},
 year = {2013},
 volume = {10},
 pages = {43--62}
}

@article{booth:hobert:1999,
 author = {James G. Booth and James P. Hobert},
 title = {Maximizing Generalized Linear Mixed Model Likelihoods with an Automated {M}onte {C}arlo {E}{M} Algorithm},
 journal = {Journal of the Royal Statistical Society, Series B},
 year = {1999},
 volume = {61},
 pages = {265--285}
}

@article{wei:tanner:1990,
 author = {G. C. G. Wei and Martin A. Tanner},
 title = {A {M}onte {C}arlo Implementation of the {E}{M} Algorithm and the Poor Man's Data Augmentation Algorithms},
 journal = {Journal of the American Statistical Association},
 year = {1990},
 volume = {85},
 pages = {699--704}
}

@article{wu:1983,
 author = {C.F.J. Wu},
 title = {On the Convergence Properties of the {E}{M} Algorithm},
 journal = {Annals of Statistics},
 year = {1983},
 volume = {11},
 pages = {95--103}
}

@article{boyles:1983,
 author = {R. A. Boyles},
 title = {On the Convergence of the {E}{M} Algorithm },
 journal = {Journal of the Royal Statistical Society, Series B},
 year = {1983},
 volume = {45},
 pages = {47--50}
}

@article{chan:ledolter:1995,
 author = {K. S. Chan and J. Ledolter},
 title = {{M}onte {C}arlo  {E}{M}  Estimation for Time Series Involving Counts},
 journal = {Journal of the American Statistical Association},
 year = {1995},
 volume = {90},
 pages = {242--252}
}

@article{sherman:ho:dalal:1997,
 author = {R. P. Sherman and Y.-Y. K. Ho and S. R. Dalal},
 title = {Conditions for convergence of {M}onte {C}arlo {E}{M} sequences with an application to product diffusion modeling},
 journal = {Econometrics Journal},
 year = {1997},
 volume = {2},
 pages = {248--267}
}

@article{fort:moulines:2003,
 author = {Gersende Fort and E Moulines},
 title = {Convergence of the {M}onte {C}arlo expectation
maximization for curved exponential families},
 journal = {Annals of Statistics},
 year = {2003},
 volume = {31},
 pages = {1220--1259}
}


@article{louis:1982,
 author = {Thomas A. Louis},
 title = {Finding the Observed Information Matrix when Using the {E}{M} Algorithm },
 journal = {Journal of the Royal Statistical Society, Series B},
 year = {1982},
 volume = {44},
 pages = {226--233}
}

@article{dempster:laird:rubin:1977,
 author = {A Dempster and N Laird and D Rubin},
 title = {Maximum Likelihood from Incomplete Data via the {E}{M} Algorithm},
 journal = {Journal of the Royal Statistical Society, Series B},
 year = {1977},
 volume = {39},
 pages = {1--38}
}


@article{nelder:wedderburn:1972,
 author = {J. A. Nelder and R. W. M. Wedderburn},
 title = {Generalized Linear Models},
 journal = {Journal of the Royal Statistical Society, Series A},
 year = {1972},
 volume = {135},
 pages = {370--384}
}


@article{zehna:1966,
 author = {Peter W Zehna},
 title = {Invariance of Maximum Likelihood Estimates},
 journal = {Annals of mathematical Statistics},
 year = {1966},
 volume = {37},
 pages = {744}
}


@article{wald:1949,
 author = {Abraham Wald},
 title = {Notes on the Consistency of the Maximum Likelihood Estimate},
 journal = {Annals of mathematical Statistics},
 year = {1949},
 volume = {20},
 pages = {595--601}
}


  @Manual{glmm:package,
    title = {glmm: Generalized Linear Mixed Models via Monte Carlo Likelihood
Approximation},
    author = {Christina Knudson},
    year = {2015},
    note = {R package version 1.0.2},
    url = {http://CRAN.R-project.org/package=glmm},
  }


  @Manual{lme4:package,
    title = {lme4: Linear mixed-effects models using Eigen and S4},
    author = {Douglas Bates and Martin Maechler and Ben Bolker and Steven Walker},
    year = {2014},
    note = {R package version 1.1-6},
    url = {http://CRAN.R-project.org/package=lme4},
  }

  @Book{MASS:package,
    title = {Modern Applied Statistics with S},
    author = {W. N. Venables and B. D. Ripley},
    publisher = {Springer},
    edition = {Fourth},
    address = {New York},
    year = {2002},
    note = {ISBN 0-387-95457-0},
    url = {http://www.stats.ox.ac.uk/pub/MASS4},
  }


@article{bres:clay:1993,
 author = {N.E. Breslow and D.G. Clayton},
 title = {Approximate Inference in Generalized Linear Mixed Models},
 journal = {Journal of the American Statistical Association},
 year = {1993},
 volume = {88},
 pages = {9--25}
}

@article{green:1987,
 author = {Green, P.J.},
 title = {Penalized likelihood for general semi-parametric regression models},
 journal = {International Statistical Review},
 year = {1987},
 volume = {55},
 pages = {245--259}
}

@article{schall:1991,
 author = {R. Schall},
 title = {Estimation in Generalized Linear Mixed Models with Random Effects},
 journal = {Biometrika},
 year = {1991},
 volume = {78},
 pages = {719--727}
}

@article{lin:bres:1996,
 author = {X. Lin and N.E. Breslow},
 title = {Bias correction in generalized linear mixed models with multiple components of dispersion},
 journal = {Journal of the American Statistical Association},
 year = {1996},
 volume = {91},
 pages = {1007--1016}
}


@article{wolfinger:oconnell:1993,
 author = {R Wolfinger and M O'Connell},
 title = {Generalized Linear Mixed Models: a pseudo-likelihood approach},
 journal = {Journal of Statistical Computation and Simulation},
 year = {1993},
 volume = {4},
 pages = {233-243}
}


@incollection{geyer:non,
  author      = "Charles J Geyer",
  title       = "Asymptotics of Maximum Likelihood without the {LLN} or {CLT} or Sample Size Going to Infinity",
  editor      = "G. L. Jones and X. Shen",
  booktitle   = "Advances in Modern Statistical Theory and Applications: A Festschrift in honor of Morris L. Eaton",
  publisher   = " Institute of Mathematical Statistics",
  address     = "Hayward, CA",
  year        = 2013,
 volume = 10,
  pages       = "1-24",

}



@article{bres:lin:1995,
 author = {N.E. Breslow and X.H. Lin},
 title = {Bias correction in generalized linear mixed models with a single component of dispersion},
 journal = {Biometrika},
 year = {1995},
 volume = {82},
 pages = {81--91}
}

@article{seeg:2008,
 author = {Matthias W. Seeger},
 title = {Bayesian Inference and optimal design for the sparse linear model},
 journal = {Journal of Machine Learning Research},
 year = {2008},
 volume = {9},
 pages = {759--813}
}

@article{caffojj:2005,
 author = {B.S. Caffo and W. Jenk and G.L. Jones},
 title = {Ascent-based Monte Carlo EM},
 journal = {Journal of Royal Statistical Society, Series B},
 year = {2005},
 volume = {67},
 pages = {261--274}
}
